@book{Judd_ResearchMethods_1991,
	title = {Research Methods and Social Relations},
	isbn = {0-03-031149-7},
	publisher = {The Dryden Press Saunders College Publishing},
	author = {Judd, Charles M. and Eliot R. Smith, Louise H. Kidder},
	year = {1991}
}

@misc{Campbell_DesignsForResearch,
	title = {Experimental and Quasi-Experimental Designs for Research},
	isbn = {0-395-30787-2},
	publisher = {Houghton Mifflin Company},
	author = {Campbell, Donald T. and , Julian C. Stanley},
	year = {1963}
}

@techreport{Johnson_RadGrad_2020,
	title = {RadGrad: Removing the "Extra" from Extracurricular to Improve Student Engagement, Diversity and Retention},
	url = {http://csdl.ics.hawaii.edu/techreports/2019/19-04/19-04.pdf},
	institution = {ACM Technical Symposium on Computer Science Education SIGCSE},
	author = {Johnson, Phillip and Carleton Moore, Peter Leong, Seungoh Paek},
	year = {2020}
}
@techreport{Takayesu_RadGrad_2017,
	title = {RadGrad: Using Degree Planning, Social Networking, and Gamification to Improve Academic, Professional, and Social Engagement During the Undergraduate Computer Science Degree experience},
	url = {http://csdl.ics.hawaii.edu/techreports/2017/17-05/17-05.pdf},
	institution = {University of Hawaii at Manoa},
	author = {Takayesu, Amy},
	year = {2017} 
}
@book{Sharp_Interaction_2002,
	title = {Interaction Design},
	isbn = {0-471-49278-7},
	publisher = {John Wiley and Sons},
	author = {Sharp, Helen and Preece, Rogers},
	year = {2002}
}
